%% This BibTeX bibliography file was created using BibDesk.
%% http://bibdesk.sourceforge.net/


%% Created for Kazimir Menzel at 2016-08-22 15:37:25 +0200 


%% Saved with string encoding Unicode (UTF-8) 



@unpublished{schumacher:16b,
	Author = {Schumacher, Jens},
	Date-Added = {2016-08-22 13:35:27 +0000},
	Date-Modified = {2016-08-22 13:36:54 +0000},
	Keywords = {project statistics},
	Month = {August},
	Note = {personal communication},
	Title = {Consultation on Simulations},
	Year = {2016}}

@unpublished{schumacher:16a,
	Author = {Schumacher, Jens},
	Date-Added = {2016-08-22 10:54:35 +0000},
	Date-Modified = {2016-08-22 10:55:34 +0000},
	Keywords = {project statistics},
	Note = {lecture script},
	Title = {Statistische Verfahren},
	Year = {2016}}

@book{press:07a,
	Author = {Press, William H and Flannery, BP and Teukolsky, SA and Vetterling, WT},
	Date-Added = {2016-08-22 11:34:30 +0000},
	Date-Modified = {2016-08-22 11:39:02 +0000},
	Edition = {3rd},
	Keywords = {project statistics},
	Publisher = {Cambridge Univ. Press, New York},
	Title = {Numerical Recipes: The Art of Scientific Computing},
	Year = {2007}}

@incollection{ludwig:01a,
	Author = {Ludwig, B and Khanna, PK},
	Booktitle = {Assessment Methods for Soil Carbon},
	Date-Added = {2016-08-22 10:19:39 +0000},
	Date-Modified = {2016-08-22 10:21:29 +0000},
	Keywords = {project statistics},
	Pages = {361--370},
	Publisher = {CRC Press},
	Series = {Advances in Soil Science},
	Title = {Use of Near Infrared Spectroscopy to Determine Inorganic and organic carbon fractions in Soil and Litter},
	Year = {2001}}

@book{horst:00a,
	Author = {Horst, R and Pardalos, PM and Van Thoai, N},
	Date-Added = {2016-08-22 11:10:20 +0000},
	Date-Modified = {2016-08-22 11:12:20 +0000},
	Keywords = {project statistics, optimisation},
	Number = {14},
	Publisher = {Springer},
	Series = {Nonconvex Optimization and Its Applications},
	Title = {Introduction to Global Optimization},
	Year = {2000}}

@incollection{mclaughlin:99a,
	Author = {McLaughlin, MJ},
	Booktitle = {Soil Analysis -- an Interpretation Manual},
	Date-Added = {2016-08-22 12:14:47 +0000},
	Date-Modified = {2016-08-22 12:16:56 +0000},
	Editor = {Peverill, KI and Sparrow, LA and Reuter, DJ},
	Keywords = {project statistics},
	Pages = {1--21},
	Publisher = {CSIRO Publishing: Melbourne},
	Title = {Soil Testing -- Principles and Concepts },
	Year = {1999}}

@book{schrijver:98a,
	Author = {Schrijver, Alexander},
	Date-Added = {2016-08-22 11:28:10 +0000},
	Date-Modified = {2016-08-22 11:28:45 +0000},
	Keywords = {project statistics, optimisation},
	Publisher = {John Wiley \&amp; Sons},
	Title = {Theory of Linear and Integer Programming},
	Year = {1998}}

@misc{don:a,
	Author = {Don, A},
	Date-Added = {2016-08-22 10:26:58 +0000},
	Date-Modified = {2016-08-22 10:31:09 +0000},
	Howpublished = {data set},
	Keywords = {project statistics},
	Title = {NIR data},
	Bdsk-File-1 = {YnBsaXN0MDDUAQIDBAUGJCVYJHZlcnNpb25YJG9iamVjdHNZJGFyY2hpdmVyVCR0b3ASAAGGoKgHCBMUFRYaIVUkbnVsbNMJCgsMDxJXTlMua2V5c1pOUy5vYmplY3RzViRjbGFzc6INDoACgAOiEBGABIAFgAdccmVsYXRpdmVQYXRoWWFsaWFzRGF0YV8QOS4uLy4uLy4uL0RvY3VtZW50cy9MaWJyYXJ5L2ZpbGVzL0RvbiAyMDIwYSAtIE5JUiBkYXRhLmNzdtIXCxgZV05TLmRhdGFPEQHKAAAAAAHKAAIAAAxNYWNpbnRvc2ggSEQAAAAAAAAAAAAAAAAAAADTvw8/SCsAAAAHQ7wYRG9uIDIwMjBhIC0gTklSIGRhdGEuY3N2AAAAAAAAAAAAAAAAAAAAAAAAAAAAAAAAAAAAAAAAAAAAAAAAAAAAAC9k8NPQ6LAAAAAAAAAAAAADAAQAAAkgAAAAAAAAAAAAAAAAAAAABWZpbGVzAAAQAAgAANO+8x8AAAARAAgAANPQzJAAAAABABQAB0O8AAdDrQAHKbgAByTdAAYwcwACAFBNYWNpbnRvc2ggSEQ6VXNlcnM6AENhc2ltaXI6AERvY3VtZW50czoATGlicmFyeToAZmlsZXM6AERvbiAyMDIwYSAtIE5JUiBkYXRhLmNzdgAOADIAGABEAG8AbgAgADIAMAAyADAAYQAgAC0AIABOAEkAUgAgAGQAYQB0AGEALgBjAHMAdgAPABoADABNAGEAYwBpAG4AdABvAHMAaAAgAEgARAASAD5Vc2Vycy9DYXNpbWlyL0RvY3VtZW50cy9MaWJyYXJ5L2ZpbGVzL0RvbiAyMDIwYSAtIE5JUiBkYXRhLmNzdgATAAEvAAAVAAIADv//AACABtIbHB0eWiRjbGFzc25hbWVYJGNsYXNzZXNdTlNNdXRhYmxlRGF0YaMdHyBWTlNEYXRhWE5TT2JqZWN00hscIiNcTlNEaWN0aW9uYXJ5oiIgXxAPTlNLZXllZEFyY2hpdmVy0SYnVHJvb3SAAQAIABEAGgAjAC0AMgA3AEAARgBNAFUAYABnAGoAbABuAHEAcwB1AHcAhACOAMoAzwDXAqUCpwKsArcCwALOAtIC2QLiAucC9AL3AwkDDAMRAAAAAAAAAgEAAAAAAAAAKAAAAAAAAAAAAAAAAAAAAxM=}}

@book{dryden:15a,
	Author = {Dryden, Ian L and Kent, John T},
	Date-Added = {2016-08-22 06:49:54 +0000},
	Date-Modified = {2016-08-22 06:50:32 +0000},
	Keywords = {statistics, methodology, project statistics},
	Publisher = {John Wiley \&amp; Sons},
	Title = {Geometry Driven Statistics},
	Year = {2015},
	Bdsk-File-1 = {YnBsaXN0MDDUAQIDBAUGJCVYJHZlcnNpb25YJG9iamVjdHNZJGFyY2hpdmVyVCR0b3ASAAGGoKgHCBMUFRYaIVUkbnVsbNMJCgsMDxJXTlMua2V5c1pOUy5vYmplY3RzViRjbGFzc6INDoACgAOiEBGABIAFgAdccmVsYXRpdmVQYXRoWWFsaWFzRGF0YV8QVS4uLy4uLy4uL0RvY3VtZW50cy9MaWJyYXJ5L2ZpbGVzL0RyeWRlbiAmIEtlbnQgMjAxNWEgLSBHZW9tZXRyeSBEcml2ZW4gU3RhdGlzdGljcy5wZGbSFwsYGVdOUy5kYXRhTxECJgAAAAACJgACAAAMTWFjaW50b3NoIEhEAAAAAAAAAAAAAAAAAAAA078PP0grAAAAB0O8H0RyeWRlbiAmIEtlbnQgMjAxNWEgIzJCMzU1MC5wZGYAAAAAAAAAAAAAAAAAAAAAAAAAAAAAAAAAAAAAAAAAAAArNVDTzilVAAAAAAAAAAAAAwAEAAAJIAAAAAAAAAAAAAAAAAAAAAVmaWxlcwAAEAAIAADTvvMfAAAAEQAIAADTzg01AAAAAQAUAAdDvAAHQ60ABym4AAck3QAGMHMAAgBXTWFjaW50b3NoIEhEOlVzZXJzOgBDYXNpbWlyOgBEb2N1bWVudHM6AExpYnJhcnk6AGZpbGVzOgBEcnlkZW4gJiBLZW50IDIwMTVhICMyQjM1NTAucGRmAAAOAGoANABEAHIAeQBkAGUAbgAgACYAIABLAGUAbgB0ACAAMgAwADEANQBhACAALQAgAEcAZQBvAG0AZQB0AHIAeQAgAEQAcgBpAHYAZQBuACAAUwB0AGEAdABpAHMAdABpAGMAcwAuAHAAZABmAA8AGgAMAE0AYQBjAGkAbgB0AG8AcwBoACAASABEABIAWlVzZXJzL0Nhc2ltaXIvRG9jdW1lbnRzL0xpYnJhcnkvZmlsZXMvRHJ5ZGVuICYgS2VudCAyMDE1YSAtIEdlb21ldHJ5IERyaXZlbiBTdGF0aXN0aWNzLnBkZgATAAEvAAAVAAIADv//AACABtIbHB0eWiRjbGFzc25hbWVYJGNsYXNzZXNdTlNNdXRhYmxlRGF0YaMdHyBWTlNEYXRhWE5TT2JqZWN00hscIiNcTlNEaWN0aW9uYXJ5oiIgXxAPTlNLZXllZEFyY2hpdmVy0SYnVHJvb3SAAQAIABEAGgAjAC0AMgA3AEAARgBNAFUAYABnAGoAbABuAHEAcwB1AHcAhACOAOYA6wDzAx0DHwMkAy8DOANGA0oDUQNaA18DbANvA4EDhAOJAAAAAAAAAgEAAAAAAAAAKAAAAAAAAAAAAAAAAAAAA4s=}}

@book{chatterjee:13a,
	Author = {Chatterjee, Samprit and Simonoff, Jeffrey S},
	Date-Added = {2016-08-22 06:47:50 +0000},
	Date-Modified = {2016-08-22 06:49:06 +0000},
	Keywords = {statistics, methodology, methods, project statistics},
	Publisher = {John Wiley \&amp; Sons},
	Title = {Handbook of Regression Analysis},
	Year = {2013},
	Bdsk-File-1 = {YnBsaXN0MDDUAQIDBAUGJCVYJHZlcnNpb25YJG9iamVjdHNZJGFyY2hpdmVyVCR0b3ASAAGGoKgHCBMUFRYaIVUkbnVsbNMJCgsMDxJXTlMua2V5c1pOUy5vYmplY3RzViRjbGFzc6INDoACgAOiEBGABIAFgAdccmVsYXRpdmVQYXRoWWFsaWFzRGF0YV8QYi4uLy4uLy4uL0RvY3VtZW50cy9MaWJyYXJ5L2ZpbGVzL0NoYXR0ZXJqZWUgJiBTaW1vbm9mZiAyMDEzYSAtIEhhbmRib29rIG9mIFJlZ3Jlc3Npb24gQW5hbHlzaXMucGRm0hcLGBlXTlMuZGF0YU8RAk4AAAAAAk4AAgAADE1hY2ludG9zaCBIRAAAAAAAAAAAAAAAAAAAANO/Dz9IKwAAAAdDvB9DaGF0dGVyamVlICYgU2ltb25vZiMyQjMxNjQucGRmAAAAAAAAAAAAAAAAAAAAAAAAAAAAAAAAAAAAAAAAAAAAKzFk084lwAAAAAAAAAAAAAMABAAACSAAAAAAAAAAAAAAAAAAAAAFZmlsZXMAABAACAAA077zHwAAABEACAAA084JoAAAAAEAFAAHQ7wAB0OtAAcpuAAHJN0ABjBzAAIAV01hY2ludG9zaCBIRDpVc2VyczoAQ2FzaW1pcjoARG9jdW1lbnRzOgBMaWJyYXJ5OgBmaWxlczoAQ2hhdHRlcmplZSAmIFNpbW9ub2YjMkIzMTY0LnBkZgAADgCEAEEAQwBoAGEAdAB0AGUAcgBqAGUAZQAgACYAIABTAGkAbQBvAG4AbwBmAGYAIAAyADAAMQAzAGEAIAAtACAASABhAG4AZABiAG8AbwBrACAAbwBmACAAUgBlAGcAcgBlAHMAcwBpAG8AbgAgAEEAbgBhAGwAeQBzAGkAcwAuAHAAZABmAA8AGgAMAE0AYQBjAGkAbgB0AG8AcwBoACAASABEABIAZ1VzZXJzL0Nhc2ltaXIvRG9jdW1lbnRzL0xpYnJhcnkvZmlsZXMvQ2hhdHRlcmplZSAmIFNpbW9ub2ZmIDIwMTNhIC0gSGFuZGJvb2sgb2YgUmVncmVzc2lvbiBBbmFseXNpcy5wZGYAABMAAS8AABUAAgAO//8AAIAG0hscHR5aJGNsYXNzbmFtZVgkY2xhc3Nlc11OU011dGFibGVEYXRhox0fIFZOU0RhdGFYTlNPYmplY3TSGxwiI1xOU0RpY3Rpb25hcnmiIiBfEA9OU0tleWVkQXJjaGl2ZXLRJidUcm9vdIABAAgAEQAaACMALQAyADcAQABGAE0AVQBgAGcAagBsAG4AcQBzAHUAdwCEAI4A8wD4AQADUgNUA1kDZANtA3sDfwOGA48DlAOhA6QDtgO5A74AAAAAAAACAQAAAAAAAAAoAAAAAAAAAAAAAAAAAAADwA==}}

@book{pardoe:12a,
	Author = {Pardoe, Iain},
	Date-Added = {2016-08-22 06:44:32 +0000},
	Date-Modified = {2016-08-22 06:46:16 +0000},
	Edition = {2nd},
	Keywords = {statistics, methods, project statistics},
	Publisher = {New York: Wiley \&amp; Sons},
	Title = {Applied regression modelling},
	Year = {2012},
	Bdsk-File-1 = {YnBsaXN0MDDUAQIDBAUGJCVYJHZlcnNpb25YJG9iamVjdHNZJGFyY2hpdmVyVCR0b3ASAAGGoKgHCBMUFRYaIVUkbnVsbNMJCgsMDxJXTlMua2V5c1pOUy5vYmplY3RzViRjbGFzc6INDoACgAOiEBGABIAFgAdccmVsYXRpdmVQYXRoWWFsaWFzRGF0YV8QUC4uLy4uLy4uL0RvY3VtZW50cy9MaWJyYXJ5L2ZpbGVzL1BhcmRvZSAyMDEyYSAtIEFwcGxpZWQgcmVncmVzc2lvbiBtb2RlbGxpbmcucGRm0hcLGBlXTlMuZGF0YU8RAhgAAAAAAhgAAgAADE1hY2ludG9zaCBIRAAAAAAAAAAAAAAAAAAAANO/Dz9IKwAAAAdDvB9QYXJkb2UgMjAxMmEgLSBBcHBsaSMyQjMzNTYucGRmAAAAAAAAAAAAAAAAAAAAAAAAAAAAAAAAAAAAAAAAAAAAKzNW084nbQAAAAAAAAAAAAMABAAACSAAAAAAAAAAAAAAAAAAAAAFZmlsZXMAABAACAAA077zHwAAABEACAAA084LTQAAAAEAFAAHQ7wAB0OtAAcpuAAHJN0ABjBzAAIAV01hY2ludG9zaCBIRDpVc2VyczoAQ2FzaW1pcjoARG9jdW1lbnRzOgBMaWJyYXJ5OgBmaWxlczoAUGFyZG9lIDIwMTJhIC0gQXBwbGkjMkIzMzU2LnBkZgAADgBgAC8AUABhAHIAZABvAGUAIAAyADAAMQAyAGEAIAAtACAAQQBwAHAAbABpAGUAZAAgAHIAZQBnAHIAZQBzAHMAaQBvAG4AIABtAG8AZABlAGwAbABpAG4AZwAuAHAAZABmAA8AGgAMAE0AYQBjAGkAbgB0AG8AcwBoACAASABEABIAVVVzZXJzL0Nhc2ltaXIvRG9jdW1lbnRzL0xpYnJhcnkvZmlsZXMvUGFyZG9lIDIwMTJhIC0gQXBwbGllZCByZWdyZXNzaW9uIG1vZGVsbGluZy5wZGYAABMAAS8AABUAAgAO//8AAIAG0hscHR5aJGNsYXNzbmFtZVgkY2xhc3Nlc11OU011dGFibGVEYXRhox0fIFZOU0RhdGFYTlNPYmplY3TSGxwiI1xOU0RpY3Rpb25hcnmiIiBfEA9OU0tleWVkQXJjaGl2ZXLRJidUcm9vdIABAAgAEQAaACMALQAyADcAQABGAE0AVQBgAGcAagBsAG4AcQBzAHUAdwCEAI4A4QDmAO4DCgMMAxEDHAMlAzMDNwM+A0cDTANZA1wDbgNxA3YAAAAAAAACAQAAAAAAAAAoAAAAAAAAAAAAAAAAAAADeA==}}

@article{agelet:10a,
	Author = {Agelet, Lidia Esteve and Hurburgh Jr, Charles R},
	Date-Added = {2016-08-22 06:20:15 +0000},
	Date-Modified = {2016-08-22 06:22:22 +0000},
	Journal = {Critical Reviews in Analytical Chemistry},
	Keywords = {project statistics, near infrared spectroscopy},
	Pages = {246--260},
	Title = {A Tutorial on Near Infrared Spectroscopy and its' Calibration},
	Volume = {40},
	Year = {2010},
	Bdsk-File-1 = {YnBsaXN0MDDUAQIDBAUGJCVYJHZlcnNpb25YJG9iamVjdHNZJGFyY2hpdmVyVCR0b3ASAAGGoKgHCBMUFRYaIVUkbnVsbNMJCgsMDxJXTlMua2V5c1pOUy5vYmplY3RzViRjbGFzc6INDoACgAOiEBGABIAFgAdccmVsYXRpdmVQYXRoWWFsaWFzRGF0YW8QfwAuAC4ALwAuAC4ALwAuAC4ALwBEAG8AYwB1AG0AZQBuAHQAcwAvAEwAaQBiAHIAYQByAHkALwBmAGkAbABlAHMALwBBAGcAZQBsAGUAdAAgACYAIABIAHUAcgBiAHUAcgBnAGgAIABKAHIAIAAyADAAMQAwAGEAIAAtACAAQQAgAFQAdQB0AG8AcgBpAGEAbAAgAG8AbgAgAE4AZQBhAHIAIABJAG4AZgByAGEAcgBlAGQAIABTAHAAZQBjAHQAcgBvAHMAYwBvAHAAeQAgAGEAbgBkACAAaQB0AHMgGQAgAEMAYQBsAGkAYgByAGEAdABpAG8AbgAuAHAAZABm0hcLGBlXTlMuZGF0YU8RAqYAAAAAAqYAAgAADE1hY2ludG9zaCBIRAAAAAAAAAAAAAAAAAAAANO/Dz9IKwAAAAdDvB9BZ2VsZXQgJiBIdXJidXJnaCBKciMyN0M1OUUucGRmAAAAAAAAAAAAAAAAAAAAAAAAAAAAAAAAAAAAAAAAAAAAJ8WeyqntPAAAAAAAAAAAAAMABAAACSAAAAAAAAAAAAAAAAAAAAAFZmlsZXMAABAACAAA077zHwAAABEACAAAyqnRHAAAAAEAFAAHQ7wAB0OtAAcpuAAHJN0ABjBzAAIAV01hY2ludG9zaCBIRDpVc2VyczoAQ2FzaW1pcjoARG9jdW1lbnRzOgBMaWJyYXJ5OgBmaWxlczoAQWdlbGV0ICYgSHVyYnVyZ2ggSnIjMjdDNTlFLnBkZgAADgC+AF4AQQBnAGUAbABlAHQAIAAmACAASAB1AHIAYgB1AHIAZwBoACAASgByACAAMgAwADEAMABhACAALQAgAEEAIABUAHUAdABvAHIAaQBhAGwAIABvAG4AIABOAGUAYQByACAASQBuAGYAcgBhAHIAZQBkACAAUwBwAGUAYwB0AHIAbwBzAGMAbwBwAHkAIABhAG4AZAAgAGkAdABzIBkAIABDAGEAbABpAGIAcgBhAHQAaQBvAG4ALgBwAGQAZgAPABoADABNAGEAYwBpAG4AdABvAHMAaAAgAEgARAASAIZVc2Vycy9DYXNpbWlyL0RvY3VtZW50cy9MaWJyYXJ5L2ZpbGVzL0FnZWxldCAmIEh1cmJ1cmdoIEpyIDIwMTBhIC0gQSBUdXRvcmlhbCBvbiBOZWFyIEluZnJhcmVkIFNwZWN0cm9zY29weSBhbmQgaXRz4oCZIENhbGlicmF0aW9uLnBkZgATAAEvAAAVAAIADv//AACABtIbHB0eWiRjbGFzc25hbWVYJGNsYXNzZXNdTlNNdXRhYmxlRGF0YaMdHyBWTlNEYXRhWE5TT2JqZWN00hscIiNcTlNEaWN0aW9uYXJ5oiIgXxAPTlNLZXllZEFyY2hpdmVy0SYnVHJvb3SAAQAIABEAGgAjAC0AMgA3AEAARgBNAFUAYABnAGoAbABuAHEAcwB1AHcAhACOAY8BlAGcBEYESARNBFgEYQRvBHMEegSDBIgElQSYBKoErQSyAAAAAAAAAgEAAAAAAAAAKAAAAAAAAAAAAAAAAAAABLQ=}}

@book{draper:98a,
	Author = {Draper, Norman R and Smith, Harry},
	Date-Added = {2016-08-22 06:40:23 +0000},
	Date-Modified = {2016-08-22 06:42:56 +0000},
	Edition = {3rd},
	Keywords = {statistics, methodology, methods, project statistics},
	Publisher = {John Wiley \&amp; Sons},
	Series = {Wiley Series in Probability and Statistics},
	Title = {Applied regression analysis},
	Year = {1998},
	Bdsk-File-1 = {YnBsaXN0MDDUAQIDBAUGJCVYJHZlcnNpb25YJG9iamVjdHNZJGFyY2hpdmVyVCR0b3ASAAGGoKgHCBMUFRYaIVUkbnVsbNMJCgsMDxJXTlMua2V5c1pOUy5vYmplY3RzViRjbGFzc6INDoACgAOiEBGABIAFgAdccmVsYXRpdmVQYXRoWWFsaWFzRGF0YV8QVy4uLy4uLy4uL0RvY3VtZW50cy9MaWJyYXJ5L2ZpbGVzL0RyYXBlciAmIFNtaXRoIDE5OThhIC0gQXBwbGllZCByZWdyZXNzaW9uIGFuYWx5c2lzLnBkZtIXCxgZV05TLmRhdGFPEQIsAAAAAAIsAAIAAAxNYWNpbnRvc2ggSEQAAAAAAAAAAAAAAAAAAADTvw8/SCsAAAAHQ7wfRHJhcGVyICYgU21pdGggMTk5OGEjMkIzOTZGLnBkZgAAAAAAAAAAAAAAAAAAAAAAAAAAAAAAAAAAAAAAAAAAACs5b9POKsMAAAAAAAAAAAADAAQAAAkgAAAAAAAAAAAAAAAAAAAABWZpbGVzAAAQAAgAANO+8x8AAAARAAgAANPODqMAAAABABQAB0O8AAdDrQAHKbgAByTdAAYwcwACAFdNYWNpbnRvc2ggSEQ6VXNlcnM6AENhc2ltaXI6AERvY3VtZW50czoATGlicmFyeToAZmlsZXM6AERyYXBlciAmIFNtaXRoIDE5OThhIzJCMzk2Ri5wZGYAAA4AbgA2AEQAcgBhAHAAZQByACAAJgAgAFMAbQBpAHQAaAAgADEAOQA5ADgAYQAgAC0AIABBAHAAcABsAGkAZQBkACAAcgBlAGcAcgBlAHMAcwBpAG8AbgAgAGEAbgBhAGwAeQBzAGkAcwAuAHAAZABmAA8AGgAMAE0AYQBjAGkAbgB0AG8AcwBoACAASABEABIAXFVzZXJzL0Nhc2ltaXIvRG9jdW1lbnRzL0xpYnJhcnkvZmlsZXMvRHJhcGVyICYgU21pdGggMTk5OGEgLSBBcHBsaWVkIHJlZ3Jlc3Npb24gYW5hbHlzaXMucGRmABMAAS8AABUAAgAO//8AAIAG0hscHR5aJGNsYXNzbmFtZVgkY2xhc3Nlc11OU011dGFibGVEYXRhox0fIFZOU0RhdGFYTlNPYmplY3TSGxwiI1xOU0RpY3Rpb25hcnmiIiBfEA9OU0tleWVkQXJjaGl2ZXLRJidUcm9vdIABAAgAEQAaACMALQAyADcAQABGAE0AVQBgAGcAagBsAG4AcQBzAHUAdwCEAI4A6ADtAPUDJQMnAywDNwNAA04DUgNZA2IDZwN0A3cDiQOMA5EAAAAAAAACAQAAAAAAAAAoAAAAAAAAAAAAAAAAAAADkw==}}

@article{gilmour:96a,
	Author = {Gilmour, Steven G},
	Date-Added = {2016-08-22 06:14:40 +0000},
	Date-Modified = {2016-08-22 06:18:41 +0000},
	Journal = {The Statistician},
	Keywords = {statistics, methods, project statistics},
	Number = {1},
	Pages = {49--56},
	Publisher = {JSTOR},
	Title = {The Interpretation of Mallows's C\_p-Statistic},
	Volume = {46},
	Year = {1996},
	Bdsk-File-1 = {YnBsaXN0MDDUAQIDBAUGJCVYJHZlcnNpb25YJG9iamVjdHNZJGFyY2hpdmVyVCR0b3ASAAGGoKgHCBMUFRYaIVUkbnVsbNMJCgsMDxJXTlMua2V5c1pOUy5vYmplY3RzViRjbGFzc6INDoACgAOiEBGABIAFgAdccmVsYXRpdmVQYXRoWWFsaWFzRGF0YV8QYy4uLy4uLy4uL0RvY3VtZW50cy9MaWJyYXJ5L2ZpbGVzL0dpbG1vdXIgMTk5NmEgLSBUaGUgSW50ZXJwcmV0YXRpb24gb2YgTWFsbG93cydzIENcX3AtU3RhdGlzdGljLnBkZtIXCxgZV05TLmRhdGFPEQJQAAAAAAJQAAIAAAxNYWNpbnRvc2ggSEQAAAAAAAAAAAAAAAAAAADTvw8/SCsAAAAHQ7wfR2lsbW91ciAxOTk2YSAtIFRoZSAjMkM4RTM2LnBkZgAAAAAAAAAAAAAAAAAAAAAAAAAAAAAAAAAAAAAAAAAAACyONtPTuR0AAAAAAAAAAAADAAQAAAkgAAAAAAAAAAAAAAAAAAAABWZpbGVzAAAQAAgAANO+8x8AAAARAAgAANPTnP0AAAABABQAB0O8AAdDrQAHKbgAByTdAAYwcwACAFdNYWNpbnRvc2ggSEQ6VXNlcnM6AENhc2ltaXI6AERvY3VtZW50czoATGlicmFyeToAZmlsZXM6AEdpbG1vdXIgMTk5NmEgLSBUaGUgIzJDOEUzNi5wZGYAAA4AhgBCAEcAaQBsAG0AbwB1AHIAIAAxADkAOQA2AGEAIAAtACAAVABoAGUAIABJAG4AdABlAHIAcAByAGUAdABhAHQAaQBvAG4AIABvAGYAIABNAGEAbABsAG8AdwBzACcAcwAgAEMAXABfAHAALQBTAHQAYQB0AGkAcwB0AGkAYwAuAHAAZABmAA8AGgAMAE0AYQBjAGkAbgB0AG8AcwBoACAASABEABIAaFVzZXJzL0Nhc2ltaXIvRG9jdW1lbnRzL0xpYnJhcnkvZmlsZXMvR2lsbW91ciAxOTk2YSAtIFRoZSBJbnRlcnByZXRhdGlvbiBvZiBNYWxsb3dzJ3MgQ1xfcC1TdGF0aXN0aWMucGRmABMAAS8AABUAAgAO//8AAIAG0hscHR5aJGNsYXNzbmFtZVgkY2xhc3Nlc11OU011dGFibGVEYXRhox0fIFZOU0RhdGFYTlNPYmplY3TSGxwiI1xOU0RpY3Rpb25hcnmiIiBfEA9OU0tleWVkQXJjaGl2ZXLRJidUcm9vdIABAAgAEQAaACMALQAyADcAQABGAE0AVQBgAGcAagBsAG4AcQBzAHUAdwCEAI4A9AD5AQEDVQNXA1wDZwNwA34DggOJA5IDlwOkA6cDuQO8A8EAAAAAAAACAQAAAAAAAAAoAAAAAAAAAAAAAAAAAAADww==}}
